@article{andrieu2010particle,
    author = {Andrieu, Christophe and Doucet, Arnaud and Holenstein, Roman},
    title = {Particle {M}arkov Chain {M}onte {C}arlo Methods},
    journal = {Journal of the Royal Statistical Society Series B: Statistical Methodology},
    volume = {72},
    number = {3},
    pages = {269-342},
    year = {2010},
    month = {05},
    issn = {1369-7412},
    doi = {10.1111/j.1467-9868.2009.00736.x},
    url = {https://doi.org/10.1111/j.1467-9868.2009.00736.x},
    eprint = {https://academic.oup.com/jrsssb/article-pdf/72/3/269/49515565/jrsssb\_72\_3\_269.pdf}
}

@ARTICLE{tarek2020dynamicppl,
       author = {{Tarek}, Mohamed and {Xu}, Kai and {Trapp}, Martin and {Ge}, Hong and {Ghahramani}, Zoubin},
        title = {DynamicPPL: {S}tan-like Speed for Dynamic Probabilistic Models},
      journal = {arXiv e-prints},
     keywords = {Computer Science - Machine Learning, Computer Science - Programming Languages, Statistics - Machine Learning},
         year = 2020,
        month = feb,
          eid = {arXiv:2002.02702},
        pages = {arXiv:2002.02702},
          doi = {10.48550/arXiv.2002.02702},
archivePrefix = {arXiv},
       eprint = {2002.02702},
 primaryClass = {cs.LG},
       adsurl = {https://ui.adsabs.harvard.edu/abs/2020arXiv200202702T},
      adsnote = {Provided by the SAO/NASA Astrophysics Data System}
}

