@article{bezanson2017julia,
  title={Julia: A fresh approach to numerical computing},
  author={Bezanson, Jeff and Edelman, Alan and Karpinski, Stefan and Shah, Viral B},
  journal={SIAM review},
  volume={59},
  number={1},
  pages={65--98},
  year={2017},
  publisher={SIAM}, 
  DOI={10.1137/141000671}
}

@article{Moore1990,
	author = {Moore, James T. and Bard, Jonathan F.},
	issn = {0030-364X},
	journal = {Operations Research},
	keywords = {games: noncooperative,integer: branch-and-bound algorithms,programming},
	mendeley-groups = {bilevel - hierarchical},
	month = {oct},
	number = {5},
	pages = {911--921},
	publisher = { INFORMS },
	title = {{The Mixed Integer Linear Bilevel Programming Problem}},
	url = {http://pubsonline.informs.org/doi/abs/10.1287/opre.38.5.911},
	volume = {38},
	year = {1990}
}

@ARTICLE{syed2021nrpt,
  author = {Saifuddin Syed and Alexandre Bouchard-C\^{o}t\'{e} and George Deligiannidis and Arnaud Doucet},
  title = {Non-reversible parallel tempering: a scalable highly parallel {MCMC} scheme},
  journal = {Journal of Royal Statistical Society, Series B},
  volume = {84},
  pages = {321--350},
  year = {2021}
}

@inproceedings{surjanovic2022vpt,
  title={Parallel Tempering With a Variational Reference},
  author={Surjanovic, Nikola and Syed, Saifuddin and Bouchard-C\^{o}t\'{e}, Alexandre and Campbell, Trevor},
  booktitle={Advances in Neural Information Processing Systems},
  year={2022}
}

@article{geweke2004getting,
  title={Getting it right: joint distribution tests of posterior simulators},
  author={Geweke, John},
  journal={Journal of the American Statistical Association},
  volume={99},
  number={467},
  pages={799--804},
  year={2004},
  publisher={Taylor \& Francis}
}

@article{baragatti2013likelihood,
  title={Likelihood-free parallel tempering},
  author={Baragatti, Me{\"\i}li and Grimaud, Agn{\`e}s and Pommeret, Denys},
  journal={Statistics and Computing},
  volume={23},
  pages={535--549},
  year={2013},
  publisher={Springer}, 
  doi = {10.1007/s11222-012-9328-6}
}

@article{gilks1994language,
  title={A language and program for complex {B}ayesian modelling},
  author={Gilks, Wally R and Thomas, Andrew and Spiegelhalter, David J},
  journal={Journal of the Royal Statistical Society: Series D (The Statistician)},
  volume={43},
  number={1},
  pages={169--177},
  year={1994},
  publisher={Wiley Online Library}, 
  doi = {10.2307/2348941}
}

@article{goudie2020multibugs,
  title={MultiBUGS: a parallel implementation of the BUGS modelling framework for faster {B}ayesian inference},
  author={Goudie, Robert JB and Turner, Rebecca M and De Angelis, Daniela and Thomas, Andrew},
  journal={Journal of Statistical Software},
  volume={95},
  year={2020},
  publisher={Europe PMC Funders}
}

@article{10.1093/sysbio/syac033,
    author = {Hartop, Emily and Srivathsan, Amrita and Ronquist, Fredrik and Meier, Rudolf},
    title = "{Towards Large-Scale Integrative Taxonomy (LIT): Resolving the Data Conundrum for Dark Taxa}",
    journal = {Systematic Biology},
    volume = {71},
    number = {6},
    pages = {1404-1422},
    year = {2022},
    month = {05},
    issn = {1063-5157},
    url = {https://doi.org/10.1093/sysbio/syac033},
    eprint = {https://academic.oup.com/sysbio/article-pdf/71/6/1404/46465829/syac033.pdf},
}

@article{lartillot2013phylobayes,
  title={PhyloBayes {MPI}: phylogenetic reconstruction with infinite mixtures of profiles in a parallel environment},
  author={Lartillot, Nicolas and Rodrigue, Nicolas and Stubbs, Daniel and Richer, Jacques},
  journal={Systematic biology},
  volume={62},
  number={4},
  pages={611--615},
  year={2013},
  publisher={Oxford University Press}, 
  doi = {10.1093/sysbio/syt022}
}

@article{martin2022korali,
title = {Korali: Efficient and scalable software framework for Bayesian uncertainty quantification and stochastic optimization},
journal = {Computer Methods in Applied Mechanics and Engineering},
volume = {389},
pages = {114264},
year = {2022},
issn = {0045-7825},
url = {https://www.sciencedirect.com/science/article/pii/S0045782521005752},
author = {Sergio M. Martin and Daniel Wälchli and Georgios Arampatzis and Athena E. Economides and Petr Karnakov and Petros Koumoutsakos}, 
doi = {10.1016/j.cma.2021.114264}
}

@article{langmore2023hamiltonian,
    author = {Langmore, Ian and Dikovsky, Michael and Geraedts, Scott and Norgaard, Peter and von Behren, Rob},
	title   = {{H}amiltonian {M}onte {C}arlo in inverse problems; Ill-conditioning and multimodality},
	journal = {International Journal for Uncertainty Quantification},
	issn    = {2152-5080},
	year    = {2023},
	volume  = {13},
	number  = {1},
	pages   = {69--93}, 
  doi = {10.1615/int.j.uncertaintyquantification.2022038478}
}

@article{Eirew2022,
  url = {https://doi.org/10.1038/s41467-022-31830-2},
  year = {2022},
  month = aug,
  publisher = {Springer Science and Business Media {LLC}},
  volume = {13},
  number = {1},
  author = {Peter Eirew and Ciara O'Flanagan and Jerome Ting and Sohrab Salehi and Jazmine Brimhall and Beixi Wang and Justina Biele and Teresa Algara and So Ra Lee and Corey Hoang and Damian Yap and Steven McKinney and Cherie Bates and Esther Kong and Daniel Lai and Sean Beatty and Mirela Andronescu and Elena Zaikova and Tyler Funnell and Nicholas Ceglia and Stephen Chia and Karen Gelmon and Colin Mar and Sohrab Shah and Andrew Roth and Alexandre Bouchard-C{\^{o}}t{\'{e}} and Samuel Aparicio},
  title = {Accurate determination of {CRISPR}-mediated gene fitness in transplantable tumours},
  journal = {Nature Communications}, 
  doi = {10.1038/s41467-022-31830-2}
}


@inproceedings{hornik2003jags,
  title={{JAGS}: a program for analysis of {B}ayesian graphical models using {G}ibbs sampling},
  author={Hornik, Kurt and Leisch, Friedrich and Zeileis, Achim and Plummer, M},
  booktitle={Proceedings of the 3rd International Workshop on Distributed Statistical Computing},
  volume={2},
  year={2003}
}

@article{carpenter2017stan,
  title={Stan: a probabilistic programming language},
  author={Carpenter, Bob and Gelman, Andrew and Hoffman, Matthew D and Lee, Daniel and Goodrich, Ben and Betancourt, Michael and Brubaker, Marcus and Guo, Jiqiang and Li, Peter and Riddell, Allen},
  journal={Journal of Statistical Software},
  volume={76},
  number={1},
  year={2017},
  publisher={Columbia Univ., New York, NY (United States); Harvard Univ., Cambridge, MA~…}
}

@article{bouchard2022blang,
  title={Blang: {B}ayesian Declarative Modeling of General Data Structures and Inference via Algorithms Based on Distribution Continua},
  author={Bouchard-C{\^o}t{\'e}, Alexandre and Chern, Kevin and Cubranic, Davor and Hosseini, Sahand and Hume, Justin and Lepur, Matteo and Ouyang, Zihui and Sgarbi, Giorgio},
  journal={Journal of Statistical Software},
  volume={103},
  pages={1--98},
  year={2022}
}

@inproceedings{ge2018turing,
  title={Turing: a language for flexible probabilistic inference},
  author={Ge, Hong and Xu, Kai and Ghahramani, Zoubin},
  booktitle={International Conference on Artificial Intelligence and Statistics},
  pages={1682--1690},
  year={2018},
  organization={PMLR}
}

@inproceedings{cusumano2019gen,
  title={Gen: a general-purpose probabilistic programming system with programmable inference},
  author={Cusumano-Towner, Marco F and Saad, Feras A and Lew, Alexander K and Mansinghka, Vikash K},
  booktitle={Proceedings of the 40th ACM SIGPLAN Conference on Programming Language Design and Implementation},
  pages={221--236},
  year={2019}, 
  doi = {10.1145/3314221.3314642}
}

@article{hoffman2014no,
  title={The No-U-Turn sampler: adaptively setting path lengths in Hamiltonian Monte Carlo.},
  author={Hoffman, Matthew D and Gelman, Andrew and others},
  journal={Journal of Machine Learning Research},
  volume={15},
  number={1},
  pages={1593--1623},
  year={2014}
}

@article{gelfand2000gibbs,
  title={Gibbs sampling},
  author={Gelfand, Alan E},
  journal={Journal of the American Statistical Association},
  volume={95},
  number={452},
  pages={1300--1304},
  year={2000},
  publisher={Taylor \& Francis}
}

@article{chib1995understanding,
  title={Understanding the {M}etropolis-{H}astings algorithm},
  author={Chib, Siddhartha and Greenberg, Edward},
  journal={The American Statistician},
  volume={49},
  number={4},
  pages={327--335},
  year={1995},
  publisher={Taylor \& Francis}, 
  doi = {10.2307/2684568}
}

@inproceedings{goodman2008church,
author = {Goodman, Noah D. and Mansinghka, Vikash K. and Roy, Daniel and Bonawitz, Keith and Tenenbaum, Joshua B.},
title = {Church: a Language for Generative Models},
year = {2008},
isbn = {0974903949},
publisher = {AUAI Press},
address = {Arlington, Virginia, USA},
abstract = {Formal languages for probabilistic modeling enable re-use, modularity, and descriptive clarity, and can foster generic inference techniques. We introduce Church, a universal language for describing stochastic generative processes. Church is based on the Lisp model of lambda calculus, containing a pure Lisp as its deterministic subset. The semantics of Church is defined in terms of evaluation histories and conditional distributions on such histories. Church also includes a novel language construct, the stochastic memoizer, which enables simple description of many complex non-parametric models. We illustrate language features through several examples, including: a generalized Bayes net in which parameters cluster over trials, infinite PCFGs, planning by inference, and various non-parametric clustering models. Finally, we show how to implement query on any Church program, exactly and approximately, using Monte Carlo techniques.},
booktitle = {Proceedings of the Twenty-Fourth Conference on Uncertainty in Artificial Intelligence},
pages = {220–229},
numpages = {10},
location = {Helsinki, Finland},
series = {UAI'08}
}

@article{shahmoradi2021paramonte,
  title={Para{M}onte: A high-performance serial/parallel {M}onte {C}arlo simulation library for {C}, {C++}, {F}ortran},
  author={Shahmoradi, Amir and Bagheri, Fatemeh},
  journal={Journal of Open Source Software},
  volume={6},
  number={61},
  pages={2741},
  year={2021}, 
  doi = {10.21105/joss.02741}
}


@InProceedings{wood2014new,
  title = 	 {{A New Approach to Probabilistic Programming Inference}},
  author = 	 {Wood, Frank and Meent, Jan Willem and Mansinghka, Vikash},
  booktitle = 	 {Proceedings of the Seventeenth International Conference on Artificial Intelligence and Statistics},
  pages = 	 {1024--1032},
  year = 	 {2014},
  volume = 	 {33},
  series = 	 {Proceedings of Machine Learning Research},
  month = 	 {22--25 Apr},
  pdf = 	 {http://proceedings.mlr.press/v33/wood14.pdf},
  url = 	 {https://proceedings.mlr.press/v33/wood14.html},
}


@article{salvatier2016probabilistic,
  title={Probabilistic programming in {P}ython using {PyMC3}},
  author={Salvatier, John and Wiecki, Thomas V and Fonnesbeck, Christopher},
  journal={PeerJ Computer Science},
  volume={2},
  pages={e55},
  year={2016},
  publisher={PeerJ Inc.}
}

@article{akiyama2022first,
  title={First {S}agittarius {A}* {E}vent {H}orizon {T}elescope results. {IV}. {V}ariability, morphology, and black hole mass},
  author={Akiyama, Kazunori and Alberdi, Antxon and Alef, Walter and Algaba, Juan Carlos and Anantua, Richard and Asada, Keiichi and Azulay, Rebecca and Bach, Uwe and Baczko, Anne-Kathrin and Ball, David and others},
  journal={The Astrophysical Journal Letters},
  volume={930},
  number={2},
  pages={L15},
  year={2022},
  publisher={IOP Publishing}
}

@article{ballnus2017comprehensive,
  title={Comprehensive benchmarking of Markov chain Monte Carlo methods for dynamical systems},
  author={Ballnus, Benjamin and Hug, Sabine and Hatz, Kathrin and G{\"o}rlitz, Linus and Hasenauer, Jan and Theis, Fabian J},
  journal={BMC Systems Biology},
  volume={11},
  number={1},
  pages={1--18},
  year={2017},
  publisher={BioMed Central}, 
  doi = {10.1186/s12918-017-0433-1}
}

@article{swendsen1986replica,
  title={Replica Monte Carlo simulation of spin-glasses},
  author={Swendsen, Robert H and Wang, Jian-Sheng},
  journal={Physical Review Letters},
  volume={57},
  number={21},
  pages={2607},
  year={1986},
  publisher={APS}, 
  doi = {10.1103/physrevlett.57.2607}
}

@inproceedings{syed2021parallel,
  title={Parallel tempering on optimized paths},
  author={Syed, Saifuddin and Romaniello, Vittorio and Campbell, Trevor and Bouchard-C{\^o}t{\'e}, Alexandre},
  booktitle={International Conference on Machine Learning},
  pages={10033--10042},
  year={2021}
}

@article{lunn2000winbugs,
  title={Win{BUGS} --- a {B}ayesian modelling framework: concepts, structure, and extensibility},
  author={Lunn, David J and Thomas, Andrew and Best, Nicky and Spiegelhalter, David},
  journal={Statistics and Computing},
  volume={10},
  pages={325--337},
  year={2000},
  publisher={Springer}
}

@article{lunn2009bugs,
  title={The {BUGS} project: evolution, critique and future directions},
  author={Lunn, David and Spiegelhalter, David and Thomas, Andrew and Best, Nicky},
  journal={Statistics in Medicine},
  volume={28},
  number={25},
  pages={3049--3067},
  year={2009},
  publisher={Wiley Online Library}
}

@book{lunn2013bugs,
  title={The {BUGS} {B}ook: {A} {P}ractical {I}ntroduction to {B}ayesian {A}nalysis},
  author={Lunn, David and Jackson, Christopher and Best, Nicky and Thomas, Andrew and Spiegelhalter, David},
  year={2013},
  publisher={CRC Press}
}

@book{robert2007bayesian,
  title={The {B}ayesian Choice: From Decision-Theoretic Foundations to Computational Implementation},
  author={Robert, Christian P},
  volume={2},
  year={2007},
  publisher={Springer}
}

@article{salehi2021clonal,
  title={Clonal fitness inferred from time-series modelling of single-cell cancer genomes},
  author={Salehi, Sohrab and Kabeer, Farhia and Ceglia, Nicholas and Andronescu, Mirela and Williams, Marc J and Campbell, Kieran R and Masud, Tehmina and Wang, Beixi and Biele, Justina and Brimhall, Jazmine and others},
  journal={Nature},
  volume={595},
  number={7868},
  pages={585--590},
  year={2021},
  publisher={Nature Publishing Group UK London}
}

@article{akiyama2021seven,
  title={First {M}87 {E}vent {H}orizon {T}elescope results. {VII}. {P}olarization of the ring},
  author={Akiyama, Kazunori and Algaba, Juan Carlos and Alberdi, Antxon and Alef, Walter and Anantua, Richard and Asada, Keiichi and Azulay, Rebecca and Baczko, Anne-Kathrin and Ball, David and Balokovi{\'c}, Mislav and others},
  journal={The Astrophysical Journal Letters},
  volume={910},
  number={1},
  pages={L12},
  year={2021},
  publisher={IOP Publishing}
}

@article{zhu2017big,
  title={Big learning with {B}ayesian methods},
  author={Zhu, Jun and Chen, Jianfei and Hu, Wenbo and Zhang, Bo},
  journal={National Science Review},
  volume={4},
  number={4},
  pages={627--651},
  year={2017},
  publisher={Oxford University Press}
}

@article{huelsenbeck2001mrbayes,
  title={MRBAYES: {B}ayesian inference of phylogenetic trees},
  author={Huelsenbeck, John P and Ronquist, Fredrik},
  journal={Bioinformatics},
  volume={17},
  number={8},
  pages={754--755},
  year={2001},
  publisher={Oxford University Press}, 
  doi = {10.1093/bioinformatics/17.8.754}
}

@article{ronquist2012mrbayes,
  title={MrBayes 3.2: efficient Bayesian phylogenetic inference and model choice across a large model space},
  author={Ronquist, Fredrik and Teslenko, Maxim and Van Der Mark, Paul and Ayres, Daniel L and Darling, Aaron and H{\"o}hna, Sebastian and Larget, Bret and Liu, Liang and Suchard, Marc A and Huelsenbeck, John P},
  journal={Systematic biology},
  volume={61},
  number={3},
  pages={539--542},
  year={2012},
  publisher={Oxford University Press},
  doi = {10.1093/sysbio/sys029}
}



@inproceedings{norgaard2019high,
  title={High-fidelity {B}ayesian inference of transient FRC plasma perturbations in C-2W},
  author={Norgaard, P and Baltz, T and Dikovsky, M and Geraedts, S and Langmore, I and Madams, T and Neibauer, N and Platt, J and Von Behren, R and Romero, J and others},
  booktitle={APS Division of Plasma Physics Meeting Abstracts},
  volume={2019},
  pages={UP10--128},
  year={2019}
}

@inproceedings{svensson2007large,
  title={Large scale {B}ayesian data analysis for nuclear fusion experiments},
  author={Svensson, J and Werner, A},
  booktitle={2007 IEEE International Symposium on Intelligent Signal Processing},
  pages={1--6},
  year={2007},
  organization={IEEE}, 
  doi = {10.1109/wisp.2007.4447579}
}

@article{andrieu2008tutorial,
  title={A tutorial on adaptive MCMC},
  author={Andrieu, Christophe and Thoms, Johannes},
  journal={Statistics and Computing},
  volume={18},
  pages={343--373},
  year={2008},
  publisher={Springer}, 
  doi = {10.1007/s11222-008-9110-y}
}


@Article{ricarte2023,
AUTHOR = {Ricarte, Angelo and Tiede, Paul and Emami, Razieh and Tamar, Aditya and Natarajan, Priyamvada},
TITLE = {The {ngEHT}'s Role in Measuring Supermassive Black Hole Spins},
JOURNAL = {Galaxies},
VOLUME = {11},
YEAR = {2023},
NUMBER = {1},
ARTICLE-NUMBER = {6},
URL = {https://www.mdpi.com/2075-4434/11/1/6},
ISSN = {2075-4434},
doi = {10.3390/galaxies11010006},
ABSTRACT = {While supermassive black-hole masses have been cataloged across cosmic time, only a few dozen of them have robust spin measurements. By extending and improving the existing Event Horizon Telescope (EHT) array, the next-generation Event Horizon Telescope (ngEHT) will enable multifrequency, polarimetric movies on event-horizon scales, which will place new constraints on the space-time and accretion flow. By combining this information, it is anticipated that the ngEHT may be able to measure tens of supermassive black-hole masses and spins. In this white paper, we discuss existing spin measurements and many proposed techniques with which the ngEHT could potentially measure spins of target supermassive black holes. Spins measured by the ngEHT would represent a completely new sample of sources that, unlike pre-existing samples, would not be biased towards objects with high accretion rates. Such a sample would provide new insights into the accretion, feedback, and cosmic assembly of supermassive black holes.},
}

@ARTICLE{chael2021,
       author = {{Chael}, Andrew and {Johnson}, Michael D. and {Lupsasca}, Alexandru},
        title = "{Observing the Inner Shadow of a Black Hole: A Direct View of the Event Horizon}",
      journal = {The Astrophysical Journal},
     keywords = {Black holes, Astrophysical black holes, Black hole physics, Event horizons, Kerr black holes, General relativity, Accretion, Jets, Gravitational lensing, Magnetohydrodynamical simulations, Plasma astrophysics, Radiative transfer, 162, 98, 159, 479, 886, 641, 14, 870, 670, 1966, 1261, 1335, Astrophysics - High Energy Astrophysical Phenomena, General Relativity and Quantum Cosmology},
         year = 2021,
        month = sep,
       volume = {918},
       number = {1},
          eid = {6},
        pages = {6},
archivePrefix = {arXiv},
       eprint = {2106.00683},
 primaryClass = {astro-ph.HE},
       adsurl = {https://ui.adsabs.harvard.edu/abs/2021ApJ...918....6C},
      adsnote = {Provided by the SAO/NASA Astrophysics Data System}, 
      doi = {10.3847/1538-4357/ac09ee}
}

@article{Tiede2022, 
    url = {https://doi.org/10.21105/joss.04457}, 
    year = {2022}, 
    publisher = {The Open Journal}, 
    volume = {7}, 
    number = {76}, 
    pages = {4457}, 
    author = {Paul Tiede}, 
    title = {Comrade: Composable Modeling of Radio Emission}, 
    journal = {Journal of Open Source Software}, 
    doi = {10.21105/joss.04457}
}

@article{brockwell2006parallel,
  title={Parallel {M}arkov chain {M}onte {C}arlo simulation by pre-fetching},
  author={Brockwell, Anthony E},
  journal={Journal of Computational and Graphical Statistics},
  volume={15},
  number={1},
  pages={246--261},
  year={2006},
  publisher={Taylor \& Francis}, 
  doi = {10.1198/106186006x100579}
}

@article{lee2010utility,
  title={On the utility of graphics cards to perform massively parallel simulation of advanced {M}onte {C}arlo methods},
  author={Lee, Anthony and Yau, Christopher and Giles, Michael B and Doucet, Arnaud and Holmes, Christopher C},
  journal={Journal of Computational and Graphical Statistics},
  volume={19},
  number={4},
  pages={769--789},
  year={2010},
  publisher={Taylor \& Francis}, 
  doi = {10.1198/jcgs.2010.10039}
}

@article{jacob2011using,
  title={Using parallel computation to improve independent {M}etropolis--{H}astings based estimation},
  author={Jacob, Pierre and Robert, Christian P and Smith, Murray H},
  journal={Journal of Computational and Graphical Statistics},
  volume={20},
  number={3},
  pages={616--635},
  year={2011},
  publisher={Taylor \& Francis},
  doi = {10.1198/jcgs.2011.10167}
}

@article{calderhead2014general,
  title={A general construction for parallelizing {M}etropolis-{H}astings algorithms},
  author={Calderhead, Ben},
  journal={Proceedings of the National Academy of Sciences},
  volume={111},
  number={49},
  pages={17408--17413},
  year={2014},
  publisher={National Acad Sciences},
  doi = {10.1073/pnas.1408184111}
}

@article{scott2016bayes,
  title={Bayes and big data: the consensus {M}onte {C}arlo algorithm},
  author={Scott, Steven L and Blocker, Alexander W and Bonassi, Fernando V and Chipman, Hugh A and George, Edward I and McCulloch, Robert E},
  journal={International Journal of Management Science and Engineering Management},
  volume={11},
  number={2},
  pages={78--88},
  year={2016},
  publisher={Taylor \& Francis},
  doi = {10.4324/9781003289173-2}
}

@article{wang2015parallelizing,
  title={Parallelizing {MCMC} with random partition trees},
  author={Wang, Xiangyu and Guo, Fangjian and Heller, Katherine A and Dunson, David B},
  journal={Advances in Neural Information Processing Systems},
  volume={28},
  year={2015}
}

@article{wu2017average,
  title={Average of recentered parallel {MCMC} for big data},
  author={Wu, Changye and Robert, Christian P},
  journal={arXiv:1706.04780},
  year={2017}
}

@article{bardenet2017markov,
  title={On {M}arkov chain {M}onte {C}arlo methods for tall data},
  author={Bardenet, R{\'e}mi and Doucet, Arnaud and Holmes, Chris},
  journal={The Journal of Machine Learning Research},
  volume={18},
  number={1},
  pages={1515--1557},
  year={2017},
  publisher={JMLR. org}
}

@article{jacob2020unbiased,
  title={Unbiased {M}arkov chain {M}onte {C}arlo methods with couplings},
  author={Jacob, Pierre E and O'Leary, John and Atchad{\'e}, Yves F},
  journal={Journal of the Royal Statistical Society: Series B (Statistical Methodology)},
  volume={82},
  number={3},
  pages={543--600},
  year={2020},
  publisher={Wiley Online Library}, 
  doi = {10.1111/rssb.12336}
}

@article{lecuyer1988splittable,
  author = {L'Ecuyer, P.},
  title = {Efficient and Portable Combined Random Number Generators},
  year = {1988},
  issue_date = {June 1988},
  publisher = {Association for Computing Machinery},
  address = {New York, NY, USA},
  volume = {31},
  number = {6},
  issn = {0001-0782},
  url = {https://doi.org/10.1145/62959.62969},
  journal = {Communications of the ACM},
  month = {June},
  pages = {742–751},
  numpages = {10}, 
  doi = {10.1145/62959.62969}
}

@article{burton1992splittable, 
  title={Distributed random number generation}, 
  volume={2}, 
  number={2}, 
  journal={Journal of Functional Programming}, 
  publisher={Cambridge University Press}, 
  author={Burton, F. Warren and Page, Rex L.}, 
  year={1992}, 
  pages={203–212}
}

@article{steele2014fast,
  title={Fast splittable pseudorandom number generators},
  author={Steele Jr, Guy L and Lea, Doug and Flood, Christine H},
  journal={ACM SIGPLAN Notices},
  volume={49},
  number={10},
  pages={453--472},
  year={2014},
  publisher={ACM New York, NY, USA},
  doi = {10.1145/2714064.2660195}
}

@article{roeder1990density,
  title={Density estimation with confidence sets exemplified by superclusters and voids in the galaxies},
  author={Roeder, Kathryn},
  journal={Journal of the American Statistical Association},
  volume={85},
  number={411},
  pages={617--624},
  year={1990},
  publisher={Taylor \& Francis},
  doi = {10.1080/01621459.1990.10474918}
}

@article{grun2022many,
  title={How many data clusters are in the Galaxy data set? Bayesian cluster analysis in action},
  author={Gr{\"u}n, Bettina and Malsiner-Walli, Gertraud and Fr{\"u}hwirth-Schnatter, Sylvia},
  journal={Advances in Data Analysis and Classification},
  volume={16},
  number={2},
  pages={325--349},
  year={2022},
  publisher={Springer}
}

@article{xie2011improving,
  title={Improving marginal likelihood estimation for {B}ayesian phylogenetic model selection},
  author={Xie, Wangang and Lewis, Paul O and Fan, Yu and Kuo, Lynn and Chen, Ming-Hui},
  journal={Systematic Biology},
  volume={60},
  number={2},
  pages={150--160},
  year={2011},
  publisher={Oxford University Press},
  doi = {10.1093/sysbio/syq085}
}

@article{day2020onlinestats,
  title={{O}nline{S}tats.jl: A {J}ulia package for statistics on data streams},
  author={Day, Josh and Zhou, Hua},
  journal={Journal of Open Source Software},
  volume={5},
  number={46},
  year={2020},
  publisher={NIH Public Access},
  doi = {10.21105/joss.01816}
}

@inproceedings{byrne2021mpi,
  title={{MPI}.jl: {J}ulia bindings for the {M}essage {P}assing {I}nterface},
  author={Byrne, Simon and Wilcox, Lucas C and Churavy, Valentin},
  booktitle={Proceedings of the JuliaCon Conferences},
  volume={1},
  pages={68},
  year={2021}
}

@article{gota2021overview,
  title={Overview of {C-2W}: high temperature, steady-state beam-driven field-reversed configuration plasmas},
  author={Gota, H and Binderbauer, MW and Tajima, T and Smirnov, A and Putvinski, S and Tuszewski, M and Dettrick, SA and Gupta, DK and Korepanov, S and Magee, RM and others},
  journal={Nuclear Fusion},
  volume={61},
  number={10},
  pages={106039},
  year={2021},
  publisher={IOP Publishing}
}

@inproceedings{zhao2022mathematically,
  title={Mathematically quantifying non-responsiveness of the 2021 {G}eorgia congressional districting plan},
  author={Zhao, Zhanzhan and Hettle, Cyrus and Gupta, Swati and Mattingly, Jonathan Christopher and Randall, Dana and Herschlag, Gregory Joseph},
  booktitle={EAAMO `22: Equity and Access in Algorithms, Mechanisms, and Optimization},
  pages={1--11},
  year={2022},
  doi = {10.1145/3551624.3555300}
}

@inproceedings{syed2021paths,
  title={Parallel tempering on optimized paths},
  author={Syed, Saifuddin and Romaniello, Vittorio and Campbell, Trevor and Bouchard-C{\^o}t{\'e}, Alexandre},
  booktitle={International Conference on Machine Learning},
  pages={10033--10042},
  year={2021},
  organization={PMLR}
}

@inproceedings{biron2024automala,
  title={auto{MALA}: {L}ocally adaptive {M}etropolis-adjusted {L}angevin algorithm},
  author={Biron-Lattes, Miguel and Surjanovic, Nikola and Syed, Saifuddin and Campbell, Trevor and Bouchard-C{\^o}t{\'e}, Alexandre},
  booktitle={International Conference on Artificial Intelligence and Statistics},
  pages={4600--4608},
  year={2024},
  organization={PMLR}
}